@inproceedings{hadoop,
  title={The hadoop distributed file system},
  author={Shvachko, Konstantin and Kuang, Hairong and Radia, Sanjay and Chansler, Robert},
  booktitle={Mass Storage Systems and Technologies (MSST), 2010 IEEE 26th Symposium on},
  pages={1--10},
  year={2010},
  organization={IEEE}
}

@article{ramcloud,
  title={The case for RAMClouds: scalable high-performance storage entirely in DRAM},
  author={Ousterhout, John and Agrawal, Parag and Erickson, David and Kozyrakis, Christos and Leverich, Jacob and Mazi{\`e}res, David and Mitra, Subhasish and Narayanan, Aravind and Parulkar, Guru and Rosenblum, Mendel and others},
  journal={ACM SIGOPS Operating Systems Review},
  volume={43},
  number={4},
  pages={92--105},
  year={2010},
  publisher={ACM}
}

@book{hbase,
  title={HBase: the definitive guide},
  author={George, Lars},
  year={2011},
  publisher={O'Reilly Media, Inc.}
}

@inproceedings{cloudbatch,
  title={CloudBATCH: A batch job queuing system on clouds with Hadoop and HBase},
  author={Zhang, Chen and De Sterck, Hans},
  booktitle={Cloud Computing Technology and Science (CloudCom), 2010 IEEE Second International Conference on},
  pages={368--375},
  year={2010},
  organization={IEEE}
}

@inproceedings{pig,
  title={Pig latin: a not-so-foreign language for data processing},
  author={Olston, Christopher and Reed, Benjamin and Srivastava, Utkarsh and Kumar, Ravi and Tomkins, Andrew},
  booktitle={Proceedings of the 2008 ACM SIGMOD international conference on Management of data},
  pages={1099--1110},
  year={2008},
  organization={ACM}
}